<record><leader>00000cas a2200000 a 4500</leader><controlfield tag="001">12146218</controlfield><controlfield tag="008">850612d18971903ksuwr ne      0    0eng d</controlfield><datafield ind1=" " ind2=" " tag="010"><subfield code="a">sn 85030450 </subfield></datafield><datafield ind1=" " ind2=" " tag="040"><subfield code="a">KSH</subfield><subfield code="b">eng</subfield><subfield code="c">KSH</subfield><subfield code="d">NPT</subfield><subfield code="d">OCL</subfield><subfield code="d">OCLCQ</subfield></datafield><datafield ind1=" " ind2=" " tag="042"><subfield code="a">msc</subfield></datafield><datafield ind1="0" ind2="4" tag="245"><subfield code="a">The Courier-guard.</subfield></datafield><datafield ind1="3" ind2="0" tag="246"><subfield code="a">Council Grove courier guard</subfield></datafield><datafield ind1=" " ind2=" " tag="260"><subfield code="a">Council Grove, Kan. :</subfield><subfield code="b">Morris County Print. Co.,</subfield><subfield code="c">1897-1903.</subfield></datafield><datafield ind1=" " ind2=" " tag="300"><subfield code="a">6 v. :</subfield><subfield code="b">ill. ;</subfield><subfield code="c">54 cm.</subfield></datafield><datafield ind1=" " ind2=" " tag="310"><subfield code="a">Weekly</subfield></datafield><datafield ind1="0" ind2=" " tag="362"><subfield code="a">Vol. 14, no. 24 (Dec. 17, 1897)-v. 20, no. 27 (Jan. 9, 1903).</subfield></datafield><datafield ind1=" " ind2=" " tag="500"><subfield code="a">"Populist;" "Free Silver."</subfield></datafield><datafield ind1=" " ind2=" " tag="752"><subfield code="a">United States</subfield><subfield code="b">Kansas</subfield><subfield code="c">Morris</subfield><subfield code="d">Council Grove.</subfield></datafield><datafield ind1="0" ind2="4" tag="780"><subfield code="t">Council Grove courier</subfield><subfield code="w">(DLC)sn 85030449</subfield></datafield><datafield ind1="0" ind2="4" tag="780"><subfield code="t">Council Grove guard (Council Grove, Kan. : 1892)</subfield><subfield code="w">(DLC)sn 85030448</subfield></datafield><datafield ind1="0" ind2="0" tag="785"><subfield code="t">Council Grove guard (Council Grove, Kan. : 1903)</subfield><subfield code="w">(DLC)sn 85030451</subfield></datafield></record>